@misc{crump1992apparatus,
  title={Apparatus and method for creating three-dimensional objects},
  author={Crump, S.S.},
  year={1992},
  month=jun # "~9",
  publisher={Google Patents},
  howpublished={\url{https://www.google.com/patents/US5121329}},
  note={US Patent 5,121,329}
}

@misc{disenoextrusor,
  title={Diseño genérico de un extrusor},
  author={Gran Loco},
  url={},
  year={2006},
  month=jun # "~9",
  publisher={Wikipedia},
  howpublished={\url{http://upload.wikimedia.org/wikipedia/commons/e/ed/Disenio_de_un_extrusor.png}},
  note={}

}

@misc{ejemplosextrusion,
  title={Distintos ejemplos de perfiles de extrusión},
  author={Mike1024},
  url={},
  year={2007},
  month=jun # "~9",
  publisher={Wikipedia},
  howpublished={
\url{http://upload.wikimedia.org/wikipedia/commons/thumb/e/ef/Extruded_aluminium_section_x3.jpg/1920px-Extruded_aluminium_section_x3.jpg}},
  note={}

}



